733 1113
306 50 413 64 ,47-

101 92 236 113 prosequebantur
254 92 356 108 veneratione
377 92 396 107 ut
414 95 459 107 snum
478 91 551 112 Epicurei
572 91 621 112 magl-

100 120 161 138 strum,
179 122 226 138 quem
241 117 298 134 divinis
314 117 347 134 fere
363 117 449 134 honoribus
467 117 549 137 colebant,
569 119 621 133 tamen

101 144 165 160 minime
183 143 217 160 fieri
235 144 298 164 potuit,
317 144 335 159 ut
353 143 449 164 Panaetius,
467 143 494 164 qui
513 143 621 163 philosophiae

101 170 164 186 Stoicae
184 169 256 186 addictus
277 170 320 189 erat,
343 170 376 186 tam
392 169 448 186 acerbe
468 170 485 185 et
500 169 570 189 graviter
580 169 622 185 vitu-

101 197 164 216 peraret
182 195 280 216 magistrum.
300 199 338 211 sane
356 195 485 211 Zietscnmnnnus
504 194 522 216 (1.
538 195 549 211 l.
563 200 578 215 p.
593 194 622 215 14)

102 222 175 243 scripsit:
188 223 267 242 „ceterum
278 221 343 238 minime
354 221 404 237 fuisse
414 221 502 237 inauditam
513 221 560 237 talem
568 225 622 237 recen-

101 247 160 264 tiorum
171 247 259 264 Stoicorum
274 252 308 263 cum
320 247 400 264 veteribus
415 247 555 267 concertationem,
570 251 622 263 exem-

101 274 145 294 plum
156 273 202 290 docet
212 273 302 294 Posidonii,
319 273 346 293 qui
360 273 403 294 apud
414 273 492 290 Galenum
507 274 583 293 perpetua
597 273 622 289 in-

102 301 171 316 sectatur
182 299 278 316 reiutatione
289 299 374 320 Chrysippi
388 299 408 316 de
422 299 503 316 affectibus
518 299 621 315 doctrinam.“

102 325 130 342 seni
141 325 280 342 Zietzsclimannus
294 325 337 341 aliud
349 325 437 345 exemplum
453 325 568 345 „recentiorum
580 324 622 341 Stoi-

102 351 167 367 eorum“
189 355 221 368 non
241 351 304 371 attulit,
327 351 368 371 quod
386 351 418 367 tale
436 355 514 371 nusquam
535 351 622 370 invenitur;

102 378 185 397 praeterea
196 377 223 393 illo
235 377 278 397 loco,
290 381 336 397 quem
347 376 426 397 laudavit,
437 376 542 397 Chrysippus,
558 377 623 393 minime

102 403 145 419 Zeno
157 403 191 424 ipse
202 404 257 419 auctor
264 402 327 419 Stoicae
337 403 446 423 philosophiae
456 402 536 419 resutatur
542 404 561 419 ut
568 404 623 419 nostro

103 429 142 445 loco.
154 429 219 445 maximi
230 430 284 445 autem
295 429 372 445 momenti
382 430 407 445 est
418 429 464 449 illud,
476 429 517 449 quod
524 428 623 449 Posidonius,

103 459 199 475 quamquam
205 455 269 471 omniuo
280 454 382 475 philosophus
390 454 452 471 Stoicus
460 456 503 474 erat,
515 455 528 470 si
536 454 623 471 doctrinam

103 482 119 497 et
138 481 201 497 decreta
219 481 253 497 eius
268 482 340 497 accurate
355 481 478 501 inspexerimus,
496 481 522 496 vix
540 485 624 500 germanus

102 506 165 523 Stoicus
176 507 255 523 nominari
266 508 324 527 potest.
340 506 434 523 Posidonius
448 507 490 523 enim
502 506 584 523 Platonem
595 506 623 523 arl-

103 533 162 549 mirans
174 533 304 549 commentarium
315 533 335 549 de
346 532 380 548 eius
387 532 452 548 Timaeo
460 532 529 553 scripsit.
541 533 624 553 praetcrea

103 563 135 575 non
143 559 193 575 solum
199 558 301 575 Aristotelem
308 558 385 578 diligebat
393 563 440 579 seque
448 563 483 575 cum
491 558 580 579 Pythagora
587 563 624 575 con*

103 584 162 601 sentire
169 584 223 604 magni
230 584 307 604 faciebat,
319 584 346 601 ser]
356 584 404 600 etiam
412 584 520 600 Democritum
532 584 547 600 in
555 584 624 605 philoso-

103 610 169 630 phorum
181 615 246 627 numero
263 610 339 630 habebat,
356 610 373 626 id
384 610 426 630 quod
437 611 474 626 ante
485 614 521 626 enm
533 609 582 626 Stoici
593 614 625 626 non

65 653 73 659 ,
103 637 213 652 concesserant
232 635 293 657 (confer
312 636 364 656 locos,
386 640 425 656 quos
443 636 513 652 Zellerus
531 635 589 652 Philus.
609 635 624 652 d.

104 661 166 678 Griech.
183 662 216 682 111,
232 663 250 682 1,
265 667 280 683 pr
292 663 329 678 514.
345 661 369 678 ed.
381 662 397 678 11
413 661 490 682 collegit).
510 666 555 678 nemo
573 661 625 678 dicere

104 688 169 704 audebit
180 688 228 704 talem
239 687 359 708 philosophum,
370 688 398 708 qui
405 687 520 704 diversissimas
532 687 623 707 disciplinas

104 713 186 729 coniunxit
200 717 286 733 eorumque
304 715 377 730 auctores
395 713 482 730 aflmiratus
500 714 533 734 est,
553 713 624 729 Stoicum

104 743 196 759 germanum
205 739 259 755 fuisse.
271 743 319 759 quare
330 738 364 755 fieri
376 739 435 759 potuit,
447 740 465 755 ut
473 739 566 755 Posidonius
574 738 625 759 Chry-

104 765 146 785 sippi
158 765 177 781 dc
188 765 270 781 affectibus
282 765 370 782 doctrinam
381 765 458 785 reiceret,
469 765 497 781 sed
504 765 542 781 hoec
550 765 625 782 refutatio

104 791 170 807 minime
180 791 248 807 conferri
259 792 311 811 potest
321 795 356 807 curn
364 791 420 807 acerba
427 791 495 808 Zenonis
503 791 625 811 vituperatione.

104 816 150 833 Tusc.
162 817 186 837 11,
198 818 224 833 29.

137 843 190 860 Etiam
198 844 243 860 Tusci
252 843 276 864 11,
288 845 308 860 42
321 843 370 860 Stoici
380 844 490 864 vituperantur
501 848 586 864 eorumque
597 844 624 860 dc-

106 871 165 886 eretum
184 870 281 890 repudiatur.
301 874 335 886 cum
354 870 421 890 scriptor
439 871 501 886 veteres
519 871 536 886 et
554 872 625 886 recentes

105 894 166 912 Stoicos
182 900 213 912 non
232 895 300 916 dividat,
319 895 347 912 scii
366 896 429 912 omnino
448 900 502 912 omnes
521 896 626 916 reprehendat

105 920 174 941 Stoicos,
190 922 227 938 inde
238 926 295 938 novum
307 922 348 938 sumi
359 923 411 942 potest
422 923 541 942 argumentum,
553 927 583 942 quo
595 922 625 938 Pa-

105 947 175 964 naetium
183 947 252 964 Stoicum
259 947 339 964 Ciceronis
346 947 406 964 fontem
413 952 444 964 non
452 948 500 964 fuisse
509 948 625 969 comprobetur.

138 973 201 990 Zenone
211 978 249 990 vero
260 974 355 994 reprehenso
367 974 408 994 quod
419 974 442 990 ita
453 974 499 990 Tusc.
507 974 529 995 11,
541 975 561 991 30
572 975 625 995 pergit

106 999 167 1016 Cicero:
185 1000 234 1020 „illud
246 1001 262 1016 ct
272 1000 328 1016 melius
342 1001 359 1016 et
370 1000 421 1016 verius
437 999 465 1021 (sc.
477 1005 525 1020 quam
536 1000 625 1017 Stoicorum
